@misc{CSTMD1,AUTHOR={Byron Galbraith},title={Neural Modelling with Python},howpublished = "\url{http://www.neurdon.com/2011/02/11/neural-modeling-with-python-part-4/}",year={2011},month={February}}

@misc{TESTING01,AUTHOR={Python Software Foundation},title={unittest â€” Unit Testing Framework},howpublished = "\url{https://docs.python.org/2/library/unittest.html}",year={2016},month={January}}

@misc{GITHUB1, TITLE={Software from previous group project}, howpublished= "\url{https://github.com/juancarlosfarah/anisopter}", journal={Github Repository}, author={J.C. Farah and P. Almpouras and I. Kasidakis and E. Grabljevec and C. Kaplanis}, year={2015}, month={May}}