@article{ESTMD1,
AUTHOR="Halupka, K.J. and Wiederman, S.D. and Cazzolato, B.S. and  O'Carroll, D.C.",
TITLE="Discrete implementation of biologically inspired image processing for target detection",
PUBLISHER="Intelligent Sensors, Sensor Networks and Information Processing (ISSNIP), 2011 Seventh International Conference on",
YEAR="2011",
}

@article{ESTMD2,
AUTHOR="Wiederman, S.D. and  O'Carroll, D.C.",
TITLE="Biomimetic target detection: modeling 2nd order correlation of OFF and ON channels",
PUBLISHER="Computational Intelligence for Multimedia, Signal and Vision Processing (CIMSIVP), 2013 IEEE Symposium on",
YEAR="2013",
}

@article{ESTMD3,
AUTHOR="Wiederman, S.D. and Shoemaker, P.A. and O'Carroll, D.C. and Dunbier, J.R.",
TITLE="Modelling the Temporal Response Properties of an Insect Small Target Motion Detector",
PUBLISHER="Intelligent Sensors, Sensor Networks and Information Processing (ISSNIP), 2011 Seventh International Conference on",
YEAR="2011",
}

@misc{GITHUB1, TITLE={Software from previous group project}, howpublished= "\url{https://github.com/juancarlosfarah/anisopter}", journal={Github Repository}, author={J.C. Farah and P. Almpouras and I. Kasidakis and E. Grabljevec and C. Kaplanis}, year={2015}, month={May}}

@misc{GITHUB2, TITLE={Final report from previous group project}, howpublished= "\url{https://github.com/juancarlosfarah/anisopter/tree/master/reports/report3}", journal={Github Repository}, author={J.C. Farah and P. Almpouras and I. Kasidakis and E. Grabljevec and C. Kaplanis}, year={2015}, month={May}}

@misc{CSTMD1,AUTHOR={Byron Galbraith},title={Neural Modelling with Python},howpublished = "\url{http://www.neurdon.com/2011/02/11/neural-modeling-with-python-part-4/}",year={2011},month={February}}

@article{stdp1,
	author = "Masquelier, T. and Guyonneau, R. and Thorpe, S.J.",
	journal = "Neural Comput.",
	title = "{Competitive STDP-based spike pattern learning}",
	year = "2009"
}

@article{stdp2,
	author = "Masquelier, T. and Guyonneau, R. and Thorpe, S.J.",
	journal = "PLoS One",
	title = "{Spike timing dependent plasticity finds the start of repeating patterns in continuous spike trains}",
	year = "2008"
}

@article{IZ1,
	author = "Eugene M. Izhikevich",
	journal = "Cerebral Cortex",
	title = "{Solving the Distal Reward Problem through
Linkage of STDP and Dopamine Signaling}",
	year = "2007"
}


%Hodgkin, A. L., and A. F. Huxley. "A Quantitative Description of Membrane Current and Its Application to Conduction and Excitation in Nerve." The Journal of Physiology. U.S. National Library of Medicine, 28 Aug. 1952. Web. 04 Feb. 2016.
@article{Hodgkin,
	author = "Hodgkin, A. L., and A. F. Huxley",
	journal = "The Journal of Physiology. U.S. National Library of Medicine",
	title = "{A Quantitative Description of Membrane Current and Its Application to Conduction and Excitation in Nerve.}",
	year = "1952"
}

@article {Geurten3277,
	author = {Geurten, Bart R. H. and Nordstr{\"o}m, Karin and Sprayberry, Jordanna D. H. and Bolzon, Douglas M. and O{\textquoteright}Carroll, David C.},
	title = {Neural mechanisms underlying target detection in a dragonfly centrifugal neuron},
	volume = {210},
	number = {18},
	pages = {3277--3284},
	year = {2007},
	doi = {10.1242/jeb.008425},
	publisher = {The Company of Biologists Ltd},
	issn = {0022-0949},
	URL = {http://jeb.biologists.org/content/210/18/3277},
	eprint = {http://jeb.biologists.org/content/210/18/3277.full.pdf},
	journal = {Journal of Experimental Biology}
}
